@article{Heine1965,
  title = {Theory of Surface States},
  author = {Heine, Volker},
  journal = {Phys. Rev.},
  volume = {138},
  issue = {6A},
  pages = {A1689--A1696},
  numpages = {0},
  year = {1965},
  month = {Jun},
  publisher = {American Physical Society},
  doi = {10.1103/PhysRev.138.A1689},
  url = {http://link.aps.org/doi/10.1103/PhysRev.138.A1689}
}
@book{Sze2006Mosfets,
	author = {Sze, S. M. and Ng, Kwok K.},
	booktitle = {Physics of Semiconductor Devices},
	copyright = {Copyright © 2007 John Wiley \& Sons, Inc. All rights reserved.},
	publisher = {John Wiley \& Sons, Inc.},
	url = {http://onlinelibrary.wiley.com/doi/10.1002/9780470068328.ch6/summary},
	year = 2006
}
@article{Sze1965,
   author = "Cowley, A. M. and Sze, S. M.",
   title = "Surface States and Barrier Height of Metal‐Semiconductor Systems",
   journal = {J. Appl. Phys.},
   year = "1965",
   volume = "36",
   number = "10", 
   pages = "3212-3220",
   url = "http://scitation.aip.org/content/aip/journal/jap/36/10/10.1063/1.1702952",
   doi = "http://dx.doi.org/10.1063/1.1702952" 
}
@article{Lui2011,
  title={Observation of an electrically tunable band gap in trilayer graphene},
  author={Lui, Chun Hung and Li, Zhiqiang and Mak, Kin Fai and Cappelluti, Emmanuele and Heinz, Tony F},
  journal={Nat. Phys.},
  volume={7},
  number={12},
  pages={944--947},
  year={2011},
  publisher={Nature Publishing Group}
}
@article{Regan2012ScreeningEngineered,
	author = {Regan, William and Byrnes, Steven and Gannett, Will and Ergen, Onur and Vazquez-Mena, Oscar and Wang, Feng and Zettl, Alex},
	doi = {10.1021/nl3020022},
	issn = {1530-6984},
	journal = {Nano Lett.},
	number = 8,
	pages = {4300-4304},
	title = {Screening-Engineered Field-Effect Solar Cells},
	url = {http://dx.doi.org/10.1021/nl3020022},
	volume = 12,
	year = 2012
}
